<record><leader>00000cas a22000007a 4500</leader><controlfield tag="001">20109585</controlfield><controlfield tag="008">890801d19251930mouwr ne      0    0eng d</controlfield><datafield ind1=" " ind2=" " tag="010"><subfield code="a">sn 89066725 </subfield></datafield><datafield ind1=" " ind2=" " tag="040"><subfield code="a">MQN</subfield><subfield code="b">eng</subfield><subfield code="c">MQN</subfield><subfield code="d">OCLCQ</subfield></datafield><datafield ind1=" " ind2=" " tag="042"><subfield code="a">msc</subfield></datafield><datafield ind1="0" ind2="4" tag="245"><subfield code="a">The Puxico herald.</subfield></datafield><datafield ind1=" " ind2=" " tag="260"><subfield code="a">Puxico, Mo. :</subfield><subfield code="b">Robert B. Turner</subfield></datafield><datafield ind1=" " ind2=" " tag="300"><subfield code="a">v.</subfield></datafield><datafield ind1=" " ind2=" " tag="310"><subfield code="a">Weekly</subfield></datafield><datafield ind1="1" ind2=" " tag="362"><subfield code="a">Began in 1925? Ceased in Aug. 1930?</subfield></datafield><datafield ind1=" " ind2=" " tag="588"><subfield code="a">Description based on: Vol. 6, no. 10 (Mar. 27, 1930).</subfield></datafield><datafield ind1=" " ind2=" " tag="752"><subfield code="a">United States</subfield><subfield code="b">Missouri</subfield><subfield code="c">Stoddard</subfield><subfield code="d">Puxico.</subfield></datafield><datafield ind1="0" ind2="0" tag="780"><subfield code="t">Puxico index</subfield><subfield code="w">(DLC)sn 89066724</subfield></datafield><datafield ind1="0" ind2="4" tag="785"><subfield code="t">Tri-county news (Puxico, Mo.)</subfield><subfield code="w">(DLC)sn 89066726</subfield></datafield></record>